<record><leader>00000cas a2200000 a 4500</leader><controlfield tag="001">47203360</controlfield><controlfield tag="008">010627u1959uuuunyuwr ne      0    0eng c</controlfield><datafield ind1=" " ind2=" " tag="010"><subfield code="a">sn2001062048</subfield></datafield><datafield ind1=" " ind2=" " tag="040"><subfield code="a">NYS</subfield><subfield code="b">eng</subfield><subfield code="c">NYS</subfield><subfield code="d">OCLCQ</subfield><subfield code="d">OCLCF</subfield><subfield code="d">OCLCO</subfield></datafield><datafield ind1="1" ind2=" " tag="029"><subfield code="a">AU@</subfield><subfield code="b">000022802582</subfield></datafield><datafield ind1=" " ind2=" " tag="042"><subfield code="a">pcc</subfield></datafield><datafield ind1=" " ind2=" " tag="043"><subfield code="a">n-us-ny</subfield></datafield><datafield ind1="0" ind2="4" tag="245"><subfield code="a">The North Westchester times ; New Castle tribune.</subfield></datafield><datafield ind1="3" ind2="0" tag="246"><subfield code="a">North Westchester times</subfield></datafield><datafield ind1="3" ind2="0" tag="246"><subfield code="a">New Castle tribune</subfield></datafield><datafield ind1=" " ind2=" " tag="260"><subfield code="a">Mt. Kisco, N.Y. :</subfield><subfield code="b">Westchester County Publishers,</subfield><subfield code="c">1959-</subfield></datafield><datafield ind1=" " ind2=" " tag="300"><subfield code="a">v. :</subfield><subfield code="b">ill. ;</subfield><subfield code="c">57 cm.</subfield></datafield><datafield ind1=" " ind2=" " tag="310"><subfield code="a">Weekly</subfield></datafield><datafield ind1="1" ind2=" " tag="362"><subfield code="a">Began in 1959?</subfield></datafield><datafield ind1=" " ind2=" " tag="515"><subfield code="a">Vol. 82- vol. 85 (1959-1963) also called vol. 32-35.</subfield></datafield><datafield ind1=" " ind2=" " tag="588"><subfield code="a">Description based on: Vol. 81 (vol. 32), no. 8 (Aug. 6, 1959).</subfield></datafield><datafield ind1=" " ind2=" " tag="588"><subfield code="a">Latest issue consulted: Vol. 85 (vol. 35), no. 29 (Dec. 31, 1963).</subfield></datafield><datafield ind1=" " ind2="0" tag="651"><subfield code="a">Mount Kisco (N.Y.)</subfield><subfield code="v">Newspapers.</subfield></datafield><datafield ind1=" " ind2="0" tag="651"><subfield code="a">Westchester County (N.Y.)</subfield><subfield code="v">Newspapers.</subfield></datafield><datafield ind1=" " ind2="7" tag="655"><subfield code="a">Newspapers.</subfield><subfield code="2">fast</subfield><subfield code="0">(OCoLC)fst01423814</subfield></datafield><datafield ind1=" " ind2="7" tag="651"><subfield code="a">New York (State)</subfield><subfield code="z">Mount Kisco.</subfield><subfield code="2">fast</subfield><subfield code="0">(OCoLC)fst01204258</subfield></datafield><datafield ind1=" " ind2="7" tag="651"><subfield code="a">New York (State)</subfield><subfield code="z">Westchester County.</subfield><subfield code="2">fast</subfield><subfield code="0">(OCoLC)fst01202684</subfield></datafield><datafield ind1=" " ind2=" " tag="752"><subfield code="a">United States</subfield><subfield code="b">New York</subfield><subfield code="c">Westchester</subfield><subfield code="d">Mount Kisco.</subfield></datafield><datafield ind1="0" ind2="4" tag="780"><subfield code="t">North Westchester times</subfield><subfield code="w">(DLC)   94057536</subfield><subfield code="w">(OCoLC)30010453</subfield></datafield><datafield ind1="0" ind2="4" tag="780"><subfield code="t">New Castle tribune</subfield><subfield code="w">(DLC)   92061718</subfield><subfield code="w">(OCoLC)25104229</subfield></datafield></record>